@inproceedings{kovacs2013first,
  title={First-order theorem proving and Vampire},
  author={Kov{\'a}cs, Laura and Voronkov, Andrei},
  booktitle={International Conference on Computer Aided Verification},
  pages={1--35},
  year={2013},
  organization={Springer}
}

@article{reger2016new,
  title={New Techniques in Clausal Form Generation.},
  author={Reger, Giles and Suda, Martin and Voronkov, Andrei},
  journal={GCAI},
  volume={41},
  pages={11--23},
  year={2016}
}

@article{riazanov2002design,
  title={The design and implementation of VAMPIRE},
  author={Riazanov, Alexandre and Voronkov, Andrei},
  journal={AI communications},
  volume={15},
  number={2-3},
  pages={91--110},
  year={2002},
  publisher={IOS Press}
}

@inproceedings{voronkov2014avatar,
  title={AVATAR: The architecture for first-order theorem provers},
  author={Voronkov, Andrei},
  booktitle={Computer Aided Verification: 26th International Conference, CAV 2014, Held as Part of the Vienna Summer of Logic, VSL 2014, Vienna, Austria, July 18-22, 2014. Proceedings 26},
  pages={696--710},
  year={2014},
  organization={Springer}
}

@article{de2003deciding,
  title={Deciding the guarded fragments by resolution},
  author={De Nivelle, Hans and De Rijke, Maarten},
  journal={Journal of Symbolic Computation},
  volume={35},
  number={1},
  pages={21--58},
  year={2003},
  publisher={Elsevier}
}

@Article{Sut17,
        Author       = "Sutcliffe, G.",
        Year         = "2017",
        Title        = "{The TPTP Problem Library and Associated Infrastructure.
                        From CNF to TH0, TPTP v6.4.0}",
        Journal      = "Journal of Automated Reasoning",
        Volume       = "59",
        Number       = "4",
        Pages        = "483-502"
    } 

@inproceedings{ganzinger1999superposition,
  title={A superposition decision procedure for the guarded fragment with equality},
  author={Ganzinger, Harald and De Nivelle, Hans},
  booktitle={Proceedings. 14th Symposium on Logic in Computer Science (Cat. No. PR00158)},
  pages={295--303},
  year={1999},
  organization={IEEE}
}

@article{gradel1999restraining,
  title={On the restraining power of guards},
  author={Gr{\"a}del, Erich},
  journal={The Journal of Symbolic Logic},
  volume={64},
  number={4},
  pages={1719--1742},
  year={1999},
  publisher={Cambridge University Press}
}