@inproceedings{kovacs2013first,
  title={First-order theorem proving and Vampire},
  author={Kov{\'a}cs, Laura and Voronkov, Andrei},
  booktitle={International Conference on Computer Aided Verification},
  pages={1--35},
  year={2013},
  organization={Springer}
}

@article{reger2016new,
  title={New Techniques in Clausal Form Generation.},
  author={Reger, Giles and Suda, Martin and Voronkov, Andrei},
  journal={GCAI},
  volume={41},
  pages={11--23},
  year={2016}
}

@article{riazanov2002design,
  title={The design and implementation of VAMPIRE},
  author={Riazanov, Alexandre and Voronkov, Andrei},
  journal={AI communications},
  volume={15},
  number={2-3},
  pages={91--110},
  year={2002},
  publisher={IOS Press}
}